
@article{DengRapidclassificationhippocampal2016,
  title = {Rapid Classification of Hippocampal Replay Content for Real-Time Applications},
  volume = {116},
  issn = {0022-3077, 1522-1598},
  language = {en},
  number = {5},
  journal = {Journal of Neurophysiology},
  doi = {10.1152/jn.00151.2016},
  author = {Deng, Xinyi and Liu, Daniel F. and Karlsson, Mattias P. and Frank, Loren M. and Eden, Uri T.},
  month = nov,
  year = {2016},
  pages = {2221-2235},
  file = {/Users/edeno/Dropbox (Personal)/Papers/Journal of Neurophysiology-/2016/Journal of Neurophysiology-2016-Deng et al-Rapid classification of hippocampal replay content for real-time applications.pdf}
}

@article{FosterReversereplaybehavioural2006,
  title = {Reverse Replay of Behavioural Sequences in Hippocampal Place Cells during the Awake State},
  volume = {440},
  issn = {0028-0836, 1476-4679},
  number = {7084},
  journal = {Nature},
  doi = {10.1038/nature04587},
  author = {Foster, David J. and Wilson, Matthew A.},
  month = mar,
  year = {2006},
  pages = {680-683},
  file = {/Users/edeno/Dropbox (Personal)/Papers/Nature-/2006/Nature-2006-Foster_Wilson-Reverse replay of behavioural sequences in hippocampal place cells during the.pdf}
}

@article{DibaForwardreversehippocampal2007,
  title = {Forward and Reverse Hippocampal Place-Cell Sequences during Ripples},
  volume = {10},
  issn = {1097-6256},
  number = {10},
  journal = {Nature Neuroscience},
  doi = {10.1038/nn1961},
  author = {Diba, Kamran and Buzs{\'a}ki, Gy{\"o}rgy},
  month = oct,
  year = {2007},
  pages = {1241-1242},
  file = {/Users/edeno/Dropbox (Personal)/Papers/Nature Neuroscience-/2007/Nature Neuroscience-2007-Diba_Buzsáki-Forward and reverse hippocampal place-cell sequences during ripples.pdf}
}

@article{PfeifferAutoassociativedynamicsgeneration2015,
  title = {Autoassociative Dynamics in the Generation of Sequences of Hippocampal Place Cells},
  volume = {349},
  issn = {0036-8075},
  number = {6244},
  journal = {Science},
  author = {Pfeiffer, Brad E and Foster, David J},
  year = {2015},
  pages = {180-183},
  file = {/Users/edeno/Dropbox (Personal)/Papers/Science-/2015/Science-2015-Pfeiffer_Foster-Autoassociative dynamics in the generation of sequences of hippocampal place.pdf}
}

@article{KarlssonAwakereplayremote2009,
  title = {Awake Replay of Remote Experiences in the Hippocampus},
  volume = {12},
  issn = {1097-6256, 1546-1726},
  number = {7},
  journal = {Nature Neuroscience},
  doi = {10.1038/nn.2344},
  author = {Karlsson, Mattias P and Frank, Loren M},
  month = jul,
  year = {2009},
  pages = {913-918},
  file = {/Users/edeno/Dropbox (Personal)/Papers/Nature Neuroscience-/2009/Nature Neuroscience-2009-Karlsson_Frank-Awake replay of remote experiences in the hippocampus.pdf}
}

@article{NadasdyReplayTimeCompression1999,
  title = {Replay and {{Time Compression}} of {{Recurring Spike Sequences}} in the {{Hippocampus}}},
  volume = {19},
  issn = {0270-6474, 1529-2401},
  language = {en},
  number = {21},
  journal = {The Journal of Neuroscience},
  doi = {10.1523/JNEUROSCI.19-21-09497.1999},
  author = {N{\'a}dasdy, Zolt{\'a}n and Hirase, Hajime and Czurk{\'o}, Andr{\'a}s and Csicsvari, Jozsef and Buzs{\'a}ki, Gy{\"o}rgy},
  month = nov,
  year = {1999},
  pages = {9497-9507},
  file = {/Users/edeno/Dropbox (Personal)/Papers/The Journal of Neuroscience-/1999/The Journal of Neuroscience-1999-Nádasdy et al-Replay and Time Compression of Recurring Spike Sequences in the Hippocampus.pdf}
}

@article{WilsonReactivationhippocampalensemble1994,
  title = {Reactivation of Hippocampal Ensemble Memories during Sleep},
  volume = {265},
  issn = {0036-8075, 1095-9203},
  language = {en},
  number = {5172},
  journal = {Science},
  doi = {10.1126/science.8036517},
  author = {Wilson, M. and McNaughton, B.},
  month = jul,
  year = {1994},
  pages = {676-679},
  file = {/Users/edeno/Dropbox (Personal)/Papers/Science-/1994/Science-1994-Wilson_McNaughton-Reactivation of hippocampal ensemble memories during sleep.pdf}
}

@article{OKeefehippocampusspatialmap1971,
  title = {The Hippocampus as a Spatial Map. {{Preliminary}} Evidence from Unit Activity in the Freely-Moving Rat},
  volume = {34},
  issn = {00068993},
  language = {en},
  number = {1},
  journal = {Brain Research},
  doi = {10.1016/0006-8993(71)90358-1},
  author = {O'Keefe, J. and Dostrovsky, J.},
  month = nov,
  year = {1971},
  pages = {171-175},
  file = {/Users/edeno/Dropbox (Personal)/Papers/Brain Research-/1971/Brain Research-1971-O'Keefe_Dostrovsky-The hippocampus as a spatial map.pdf}
}


